@misc{masters-apostrophe-as,
  title        = "Masters Degree or Master's Degree?",
  author       = "Maddox, Maeve",
  url = "http://www.dailywritingtips.com/masters-degree-or-masters-degree/",
  note         = "Accessed: 2022-1-27"
}

@misc{thesis-template,
  title        = "TU Thesis Template -- GitHub",
  author       = "Hasenburg, Jonathan and Pfandzelter, Tobias",
  url = "https://www.github.com/pfandzelter/tu-thesis-template",
  note         = "Accessed: 2022-1-27"
}

@misc{leitner,
  title        = "Some Frequent Writing Tips I Give Software Engineering Thesis Students",
  author       = "Leitner, Philipp",
  url = "https://www.github.com/pfandzelter/tu-thesis-template",
  note         = "https://philippleitner.medium.com/some-frequent-writing-tips-i-give-software-engineering-thesis-students-da2acab30381",
  year = 2021,
  month        = jul,
}

@misc{arxiv,
  title        = "arXiv.org e-Print Archive",
  organization = "arXiv.org",
  url = "https://arxiv.org/",
  note         = "Accessed: 2022-1-30"
}

@misc{jones-paper,
  title        = "How to write a great research paper",
  author = "Jones, Simon Peyton",
  url = "https://www.microsoft.com/en-us/research/wp-content/uploads/2016/07/How-to-write-a-great-research-paper.pdf",
  note         = "Accessed: 2022-1-30"
}

@misc{jones-talk,
  title        = "How to give a great research talk",
  author = "Jones, Simon Peyton",
  url = "https://www.microsoft.com/en-us/research/wp-content/uploads/2016/07/How-to-give-a-great-research-talk.pdf",
  note         = "Accessed: 2022-1-30"
}

@misc{patterson-writing,
  title        = "Dave Patterson's Writing Advice",
  author = "Patterson, Dave",
  url = "https://people.eecs.berkeley.edu/~pattrsn/talks/writingtips.html",
  note         = "Accessed: 2022-1-30"
}

@misc{ernst-writing,
  title        = "How to write a technical paper or a research paper",
  author = "Ernst, Michael",
  url = "https://homes.cs.washington.edu/~mernst/advice/write-technical-paper.html",
  note         = "Accessed: 2022-1-30"
}

@misc{schulzrinne-writing,
  title        = "Common Bugs in Writing",
  author = "Schulzrinne, Henning",
  url = "http://www.cs.columbia.edu/~hgs/etc/writing-bugs.html",
  note         = "Accessed: 2022-1-30"
}

@misc{ltex,
    title        = "LTeX -- LanguageTool grammar/spell checking",
    author       = "Valentin, Julian",
    url = "https://marketplace.visualstudio.com/items?itemName=valentjn.vscode-ltex",
    note         = "Accessed: 2022-1-30"
    }

@misc{oxfordcomma,
  author       = "Edwards, Ann",
  url = "https://www.grammarly.com/blog/what-is-the-oxford-comma-and-why-do-people-care-so-much-about-it/",
  title        = "What Is the Oxford Comma (or Serial Comma)?",
}

@article{lamport1998part,
  title="The part-time parliament",
  author="Lamport, Leslie",
  journaltitle="ACM Transactions on Computer Systems",
  pages="133--169",
  year=1998,
  month           = may,
  publisher       = "ACM",
  volume         = 16,
    number         = 2,
}

@misc{mhandley-twitter,
  title ={Seems all I do is ask ``why does the graph do that?''
        1st year PhD: ``Does what?''
        2nd year PhD: ``I wondered that too''
        3rd year PhD: ``Maybe it's X?''
        Final year PhD: ``I knew you'd ask that, so I ran this new experiment, and here are the extra graphs that explain it!''},
    author = "Handley, Mark",
    url = "https://twitter.com/markjhandley/status/1323303318832226304",
    note = "Accessed: 2022-1-27"
}